@book{atalho,
  author    = {Autor}, 
  title     = {Nome do livro},
  publisher = {Editora},
  year      = {ano},
  volume    = {volume},
  series    = {serie},
  address   = {Endereço},
  edition   = {edição},
  month     = {mês},
  note      = {Anotação},
  isbn      = {ISBN}
}